@Book{embDes,
  author = {D. Gajsky and S. Abdi and A. Gerslauer and G. Schirner},
  title = {Embedded System Desing: Modelling, Synthesis and Verification},
  publisher = {Springer},
  year = {2010}
}

@Book{DesTDD,
  author = {K. Beck},
  title = {Test-Driven Development: By Example},
  publisher = {Addison Wesley},
  year = {2002}
}

@booklet{DisAgilTDD,
  author = {C. Ble},
  title = {Diseno Agil con TDD},
  publisher = {Addison Wesley},
  year = {2010}
}


@article{EmbeddedOS,
    author    = "D. Wijesinghe",
    title     = "Embedded Operating Systems",
    journal   = "University of Ulster",
    year      = "2014",
    month    = "April"
}

@conference{disPBD,
    author    = "T. W. Simpson, T.Marion, O.Weck",
    title     = "Platform-Based Design and Development: Current Trends and Needs in Industry",
    booktitle = "ASME 2006 International Design Engineering Technical Conferences \& Computers and Information in Engineering Conference",
    year      = "2006",
    month    = "September"
}

@article{embSistemImport,
    author    = "H. Geelen, A. Hoogt, R. Panthaleon",
    title     = "Embedded Systems Roadmap 2014",
    journal   = "HTSM",
    year      = "2013",
    month    = "December"
}

@misc{website:FATFS,
      author = "Elm-chan",
      title = "Generic Fat File System Module",
      month = "Abril",
      year = "2014",
      url = "http://elm-chan.org/fsw/ff/00index_e.html"
}

@misc{website:FreeRTOS,
      author = "FreeRTOS",
      title = "Página oficial de FreeRTOS",
      month = "Abril",
      year = "2014",
      url = "http://www.freertos.org/"
}

@misc{website:INTECO,
      author = "INTECO",
      title = "Estudio sobre hábitos seguros en el uso de smartphones por los niños y adolescentes españoles",
      month = "Marzo",
      year = "2011",
      url = "http://www.inteco.es/CERT/guias_estudios/Estudios/Estudio_smartphones_menores"
}

@misc{website:chibios,
      author = "ChibiOS",
      title = "Página oficial de la documentación del Sistema Operativo ChibiOS",
      month = "Marzo",
      year = "2014",
      url = "http://www.chibios.org/dokuwiki/doku.php"
}

@misc{website:ecOS,
      author = "ecOS",
      title = "Página oficial de la documentación del Sistema Operativo ecOS",
      month = "Marzo",
      year = "2014",
      url = "http://ecos.sourceware.org/"
}

@misc{website:tinyOS,
      author = "TinyOS",
      title = "Página oficial de la documentación del Sistema Operativo TinyOS",
      month = "Marzo",
      year = "2014",
      url = "http://www.tinyos.net/"
}

@misc{website:mitApolo,
      author = "MIT",
      title = "AeroAstro Magazine Highlight",
      month = "Marzo",
      year = "2009",
      url = "http://web.mit.edu/aeroastro/news/magazine/aeroastro6/mit-apollo.html"
}

@misc{website:AndroidLikeSuperComputer,
      author = "Wired",
      title = "Android Phones Can Substitute for Supercomputers",
      month = "Agosto",
      year = "2010",
      url = "http://www.wired.com/2010/08/supercomputing-app-android/"
}

@misc{website:Android,
      author = "Android",
      title = "Página oficial del Sistema Operativo Android",
      month = "Abril",
      year = "2014",
      url = "http://www.android.com/"
}

@misc{website:iOS,
      author = "Apple",
      title = "Página oficial del Sistema Operativo iOS de Apple",
      month = "Abril",
      year = "2014",
      url = "http://www.apple.com/es/ios/"
}

@misc{website:linux,
      author = "Linux",
      title = "Página oficial del Sistema Operativo Linux",
      month = "Abril",
      year = "2014",
      url = "http://www.linux.org/"
}

@misc{website:fat,
      author = "Microsoft",
      title = "Página oficial de la descripción de FAT32",
      month = "Abril",
      year = "2014",
      url = "http://support.microsoft.com/kb/154997"
}

@misc{website:ntfs,
      author = "Microsoft",
      title = "Página oficial describiendo los sistemas de archivos FAT, HPFS y NTFS",
      month = "Abril",
      year = "2014",
      url = "http://support.microsoft.com/kb/100108"
}

@misc{website:ext4,
      author = "Linux",
      title = "Página oficial de la documentación del Sistema de Archivos ext4",
      month = "Abril",
      year = "2014",
      url = "https://ext4.wiki.kernel.org/index.php/Main_Page"
}

@misc{website:tiobe,
      author = "TIOBE",
      title = "Index of popularity of programming languages",
      month = "June",
      year = "2014",
      url = "http://www.tiobe.com/index.php/content/paperinfo/tpci/index.html"
}

@misc{website:GPS,
      author = "USA",
      title = "The Global Positioning System",
      month = "June",
      year = "2014",
      url = "http://www.gps.gov/systems/gps/"
}

@techreport{bib:flash,
    author    = "ST Microelectronics",
    title     = "STMF205 FlashProgramming",
    institution = "ST Microelectronics",
    type     = "Datasheet", 
    year      = "2013"
}

@techreport{bib:intelssd,
    author    = "INTEL",
    title     = "Intel® X18-M/X25-M SATA Solid State Drive",
    institution = "INTEL",
    type     = "Datasheet", 
    year      = "2013"
}

@techreport{bib:datasheet,
    author    = "ST Microelectronics",
    title     = "STM32F205VG Datasheet",
    institution = "ST Microelectronics",
    type     = "Datasheet", 
    year      = "2013"
}

@techreport{bib:libdesc,
    author    = "ST Microelectronics",
    title     = "STM32F20x LibDescription",
    institution = "ST Microelectronics",
    year      = "2013"
}

@techreport{bib:gps,
    author    = "GlobalTop",
    title     = "GlobalTop-FGPMMOPA6H-Datasheet-V0A",
    institution = "GlobalTop",
    type     = "Datasheet", 
    year      = "2013"
}

@techreport{bib:commandGPS,
    author    = "GlobalTop",
    title     = "PMTK command packet-Complete-A11",
    institution = "GlobalTop",
    year      = "2013"

}

@techreport{bib:nmea,
    author    = "NMEA",
    title     = "NMEA0183 Standard",
    institution = "NMEA",
    type     = "Standard", 
    year      = "2008",
    url = "http://www.nmea.org/content/nmea_standards/nmea_0183_v_410.asp"
}

@misc{website:farnell,
      author = "FARNELL",
      title = "STMICROELECTRONICS - ST-LINK/V2 - ICD/PROGRAMMER, FOR STM8, STM32",
      month = "Enero",
      year = "2014",
      url = "http://es.farnell.com/jsp/displayProduct.jsp?sku=1892523&gross_price=true&CMP=KNC-GES-FES-GEN-LISTINGS&mckv=RFE1qR8W|pcrid|productlistings"
}

@misc{website:JFFS2,
      author = "JFFS2",
      title = "JFFS2: The Journalling Flash File System, version 2",
      month = "Mayo",
      year = "2014",
      url = "https://sourceware.org/jffs2/"
}

@misc{website:YAFFS2,
      author = "YAFFS2",
      title = "YAFFS2 Overview",
      month = "Mayo",
      year = "2014",
      url = "http://www.yaffs.net/yaffs-overview"
}

@misc{website:squashfs,
      author = "squashfs",
      title = "squashfs",
      month = "Mayo",
      year = "2014",
      url = "http://squashfs.sourceforge.net/"
}

@misc{website:romfs,
      author = "romfs",
      title = "romfs",
      month = "Mayo",
      year = "2014",
      url = "http://romfs.sourceforge.net/"
}

